<record><leader>00000cas a22000007a 4500</leader><controlfield tag="001">12087962</controlfield><controlfield tag="008">850528d19711975inuwr ne      0    0eng d</controlfield><datafield ind1=" " ind2=" " tag="010"><subfield code="a">sn 85047920 </subfield></datafield><datafield ind1=" " ind2=" " tag="040"><subfield code="a">NPI</subfield><subfield code="b">eng</subfield><subfield code="c">NPI</subfield><subfield code="d">OCLCQ</subfield></datafield><datafield ind1=" " ind2=" " tag="042"><subfield code="a">msc</subfield></datafield><datafield ind1="0" ind2="4" tag="245"><subfield code="a">The Chronicle weekender.</subfield></datafield><datafield ind1=" " ind2=" " tag="260"><subfield code="a">Scottsburg, Ind. :</subfield><subfield code="b">Seymour Tribune Co.,</subfield><subfield code="c">1971-1975.</subfield></datafield><datafield ind1=" " ind2=" " tag="300"><subfield code="a">4 v. :</subfield><subfield code="b">ill. ;</subfield><subfield code="c">39 cm.</subfield></datafield><datafield ind1=" " ind2=" " tag="310"><subfield code="a">Weekly</subfield></datafield><datafield ind1="0" ind2=" " tag="362"><subfield code="a">Vol. 89, no. 32 (July 31, 1971)-v. 95, no. 39 (Sept. 27, 1975).</subfield></datafield><datafield ind1=" " ind2=" " tag="500"><subfield code="a">Includes "Scottsburg Centennial Souvenir Issue" (May 20, 1972).</subfield></datafield><datafield ind1=" " ind2=" " tag="500"><subfield code="a">"Republican."</subfield></datafield><datafield ind1=" " ind2=" " tag="515"><subfield code="a">Many issues contain incorrect or inconsistent issue and/or volume numbers.</subfield></datafield><datafield ind1=" " ind2=" " tag="752"><subfield code="a">United States</subfield><subfield code="b">Indiana</subfield><subfield code="c">Scott</subfield><subfield code="d">Scottsburg.</subfield></datafield><datafield ind1="0" ind2="0" tag="780"><subfield code="t">Scott County chronicle</subfield><subfield code="w">(DLC)sn 85047919</subfield></datafield><datafield ind1="0" ind2="0" tag="785"><subfield code="t">Chronicle (Scottsburg, Ind.)</subfield><subfield code="w">(DLC)sn 85047921</subfield></datafield></record>